@online{Kepler2nd,
  author = {The Editors of Encyclopaedia Britannica},
  title = {Kepler's laws of planetary motion},
  year = 2019,
  url = {https://www.britannica.com/science/Keplers-laws-of-planetary-motion#ref214573},
  urldate = {2020-10-12}
}

@online{Horizon,
  author = {NASA},
  title = {HORIZONS Web-Interface},
  year = {n.d.},
  url = {https://ssd.jpl.nasa.gov/horizons.cgi},
  urldate = {2020-10-15}
}

@online{Pollock2003,
  author = {Chris Pollock},
  title = {Mercury’s Perihelion},
  year = {2003},
  url = {http://www.math.toronto.edu/~colliand/426_03/Papers03/C_Pollock.pdf},
  urldate = {2020-10-24}
}

@article{Verlet1967,
  title = {Computer "Experiments" on Classical Fluids. I. Thermodynamical Properties of Lennard-Jones Molecules},
  author = {Verlet, Loup},
  journal = {Phys. Rev.},
  volume = {159},
  issue = {1},
  pages = {98--103},
  numpages = {0},
  year = {1967},
  month = {7},
  publisher = {American Physical Society},
  doi = {10.1103/PhysRev.159.98},
  url = {https://link.aps.org/doi/10.1103/PhysRev.159.98}
}

@misc{VeselyFranzJ1994Cp:a,
publisher = {Plenum Press},
isbn = {030644903X},
year = {1994},
title = {Computational physics : an introduction},
language = {eng},
address = {New York},
author = {Vesely, Franz J},
keywords = {Physics -- Methodology; Differential equations -- Numerical solutions; Numerical analysis; Mathematical physics; Fysikk -- Numeriske metoder; Matematisk fysikk; Differensialligninger -- Numerisk løsning; analyse; beregninger; lærebøker},
}



@online{nasa-const,
  author = {NASA},
  title = {Astrodynamic Constants},
  url = {https://ssd.jpl.nasa.gov/?constants},
  urldate = {2020-10-26}
}