@article{SIRmodel,
author = {Kermack, William Ogilvy  and McKendrick, A. G.  and Walker, Gilbert Thomas },
title = {A contribution to the mathematical theory of epidemics},
journal = {Proceedings of the Royal Society of London. Series A, Containing Papers of a Mathematical and Physical Character},
volume = {115},
number = {772},
pages = {700-721},
year = {1927},
doi = {10.1098/rspa.1927.0118},

URL = {https://royalsocietypublishing.org/doi/abs/10.1098/rspa.1927.0118},
eprint = {https://royalsocietypublishing.org/doi/pdf/10.1098/rspa.1927.0118}
,
   
}
